<?xml version="1.0" encoding="UTF-8"?><collection><record><leader>07658ntm a2200625 a 4500</leader><controlfield tag="001">006814937</controlfield><controlfield tag="003">MiAaHDL</controlfield><controlfield tag="005">20190719000000.0</controlfield><controlfield tag="006">m        d        </controlfield><controlfield tag="007">cr bn ---auaua</controlfield><controlfield tag="008">090610s1742    xx            00| ||ara d</controlfield><datafield tag="035" ind1=" " ind2=" "><subfield code="a">(MiU)006814937</subfield></datafield><datafield tag="035" ind1=" " ind2=" "><subfield code="a">sdr-miu006814937</subfield></datafield><datafield tag="040" ind1=" " ind2=" "><subfield code="a">MiU</subfield><subfield code="c">MiU</subfield><subfield code="e">amremm</subfield></datafield><datafield tag="041" ind1="0" ind2=" "><subfield code="a">ara</subfield><subfield code="a">ota</subfield></datafield><datafield tag="043" ind1=" " ind2=" "><subfield code="a">n-us-mi</subfield></datafield><datafield tag="100" ind1="0" ind2=" "><subfield code="6">880-01</subfield><subfield code="a">Antakyalı Münīf,</subfield><subfield code="d">1717-1743 or 4.</subfield></datafield><datafield tag="245" ind1="1" ind2="0"><subfield code="6">880-03</subfield><subfield code="a">Mecmua-yi Münîf,</subfield><subfield code="f">[ca. 1742?].</subfield></datafield><datafield tag="260" ind1=" " ind2=" "><subfield code="a">[ca. 1742?].</subfield></datafield><datafield tag="300" ind1=" " ind2=" "><subfield code="a">89 leaves :</subfield><subfield code="b">paper ;</subfield><subfield code="c">254 x 145 (174 x 72) mm.</subfield></datafield><datafield tag="500" ind1=" " ind2=" "><subfield code="a">Shelfmark: Ann Arbor, University of Michigan, Special Collections Library, Isl. Ms. 444</subfield></datafield><datafield tag="500" ind1=" " ind2=" "><subfield code="a">Origin: Lacks dated colophon ; decoration and paper certainly suggests 18th century and date in watermark may suggest ca. 1742.</subfield></datafield><datafield tag="500" ind1=" " ind2=" "><subfield code="a">Former shelfmark: "465 T. De M. [i.e. Tammaro De Marinis]" inscribed in pencil on verso of front flyleaf ; "234" inscribed in pencil on 'title page’.</subfield></datafield><datafield tag="500" ind1=" " ind2=" "><subfield code="a">Binding: Pasteboards covered in dark red leather ; Type II binding (with flap) ; doublures in light brown leather with gold-tooled rule-borders ; flyleaves in gold-flecked marbled paper (in red, blue, black, grey, etc.), hinges in a different marbled paper (yellow and dark blue) ; upper and lower covers carry superb stamp and gold-painted recessed mandorla, pendants, cornerpieces, and borderpieces framed by a series of roll borders ; design continues on envelope flap ; edges of text block gold-painted with repeated strokes design ; sewn in red thread, two stations ; worked chevron endbands in red and yellow, good condition ; overall in good condition with only minor abrasion and staining ; subtle repairs at spine (rebacked), fore edge flap and board edges in similar dark red leather gold tooled with rules and greek key pattern (compare unrepaired edges of envelope flap), as well as two fills in dark red leather on lower cover.</subfield></datafield><datafield tag="500" ind1=" " ind2=" "><subfield code="a">Support: European laid paper of several different types including many with raisin watermarks ; one type with 12 laid lines per cm. (horizontal), chain lines spaced 21-22 mm. apart (vertical) and grapes under crown watermark ; another type with 13 laid lines per cm. (vertical), chain lines spaced 20 mm. apart (horizontal) and watermark of grapes under cartouche with "P C" and crown above ; still another type with 11 laid lines per cm. (horizontal), chain lines spaced 22-24 mm. apart (vertical) and watermark of grapes under long cartouche with crown above and date "1742" [?] below ; another type with 11 laid lines per cm. (horizontal), chain lines spaced 21-23 mm. apart (vertical), and watermarks of lion statant guardant and cross-bow ; some leaves tinted pale orange, pink, bright yellow, buff, beige, etc.</subfield></datafield><datafield tag="500" ind1=" " ind2=" "><subfield code="a">Decoration: Exquisite illuminated headpiece (ʻunwān) at opening on fol.1b consisting of rectangular panel with empty gold cartouche surrounded by vegetal pattern in gold with floral accents in pink and red surmounted by a scalloped rectangular piece filled with the same intricate vegetal pattern and itself surmounted by elaborate vertical stalks (tīgh) in blue, red, and gold ; the entire piece is set into a well of rich gold interlace ; a second illuminated headpiece (ʻunwān) consisting of w-shaped piece of similar composition to opening headpiece appears at opening of biographical sketch on fol.6b ; written area surrounded by heavy gold frame with any divisions of the written area and margin outlined by a gold rule ; keywords, text of ḥadīth, headings, titles, etc. rubricated ; textual dividers in the form of red inverted commas ; in opening of "تضمين مصرع عرفى" written area gold-flecked.</subfield></datafield><datafield tag="500" ind1=" " ind2=" "><subfield code="a">Script: Nastaʻlīq (talik) ; elegant Turkish hand ; mainly serifless with closed counters, descent of words to baseling, pointing in distinct dots, and elongation of horizontal strokes.</subfield></datafield><datafield tag="500" ind1=" " ind2=" "><subfield code="a">Layout: Written in roughly 11-17 lines per page ; roughly five lines of ḥadīth text and eight of the elucidation (on the diagonal) ; column of written area is divided to two columns to accept the lines of elucidation while ḥadīth text fills the width of the column ; biographical sketch and works of prose and verse are arranged in various layouts, including 11-13 lines per page on the diagonal filling the entire written area, 11-17 lines per page with written area divided to two columns (often alternating with a line centered or filling the column width), roughly 12 lines per page on the diagonal with written area divided to two columns, etc.</subfield></datafield><datafield tag="500" ind1=" " ind2=" "><subfield code="a">Collation: i, 5 V(50), I+1 (3), II (57), V (67), VII (81), IV (89), i ; chiefly quinions ; catchwords present.</subfield></datafield><datafield tag="500" ind1=" " ind2=" "><subfield code="a">Incipit: "قال عليه السلام السماح رباح اى اولان كاركاه عالمده طالب وستمائة اعمال ..."</subfield></datafield><datafield tag="500" ind1=" " ind2=" "><subfield code="a">Title from inscription on 'title page'.</subfield></datafield><datafield tag="500" ind1=" " ind2=" "><subfield code="a">Ms. codex.</subfield></datafield><datafield tag="510" ind1="4" ind2=" "><subfield code="a">Schmidt, Jan. Catalogue of Turkish Manuscripts in the Library of Leiden University and other collections in the Netherlands. Volume Three. Leiden, 2006.</subfield><subfield code="c">pp.158-161 ; 163-167</subfield></datafield><datafield tag="520" ind1="8" ind2=" "><subfield code="a">Stunning copy of a collection of works by Münîf of Antakya (d.1743 or 4), opening with a collection of thirty-nine ḥadīth accompanied by his Turkish paraphrase and followed by a biographical sketch for him, a collection of letters, his Zafernâme on the Belgrade campaign of 1152 [1739], and his collected poems (divan).</subfield></datafield><datafield tag="538" ind1=" " ind2=" "><subfield code="a">Mode of access: Internet.</subfield></datafield><datafield tag="541" ind1=" " ind2=" "><subfield code="c">Purchase ;</subfield><subfield code="a">Acquired by purchase (funds donated by Horace Rackham).</subfield><subfield code="d">1924.</subfield></datafield><datafield tag="546" ind1=" " ind2=" "><subfield code="a">Arabic and Ottoman Turkish.</subfield></datafield><datafield tag="561" ind1=" " ind2=" "><subfield code="a">Ownership statement on 'title page' dated 15 Jumādá I 1255 [ca. 27 July 1839] in name of Hasan Edip, judge-substitute (nāʼib/naip) in Balıkesir and native resident (mutawaṭṭin/mutavattın) of İzmir, accompanied by oval seal impression (dated 1237 [1821 or 2]), statement reads "استصحبه الفقير الحقير السيد حسن اديب النائب بمدينه باليكسرى متوطن ازمير في ١٥ حا سنه ١٢٥٥" and seal impression reads "اسأل الله حسن الختام ١٢٣٨" ; a rectangular seal impression appears above the ownership statement on 'title page' ; in tailpiece at close of opening work on fol.6a, an ownership statement in name of Cafer Fevzi bin Mehmet Raşit reads "استصحبه الحقير السيد جعفر فوزى بن محمد راشد عفي عنهما الله [؟]" ; fairly clean copy.</subfield></datafield><datafield tag="650" ind1=" " ind2="0"><subfield code="a">Manuscripts, Turkish</subfield><subfield code="z">Michigan</subfield><subfield code="z">Ann Arbor.</subfield></datafield><datafield tag="650" ind1=" " ind2="0"><subfield code="a">Manuscripts, Arabic</subfield><subfield code="z">Michigan</subfield><subfield code="z">Ann Arbor.</subfield></datafield><datafield tag="650" ind1=" " ind2="0"><subfield code="a">Turkish prose literature</subfield><subfield code="v">Early works to 1800.</subfield></datafield><datafield tag="650" ind1=" " ind2="0"><subfield code="a">Turkish poetry</subfield><subfield code="v">Early works to 1800.</subfield></datafield><datafield tag="650" ind1=" " ind2="0"><subfield code="a">Hadith</subfield><subfield code="x">Criticism, interpretation, etc.</subfield><subfield code="v">Early works to 1800.</subfield></datafield><datafield tag="650" ind1=" " ind2="0"><subfield code="a">Hadith</subfield><subfield code="v">Commentaries</subfield><subfield code="v">Early works to 1800.</subfield></datafield><datafield tag="655" ind1=" " ind2="7"><subfield code="a">Headpieces (layout features)</subfield><subfield code="y">18th century.</subfield><subfield code="2">aat</subfield></datafield><datafield tag="700" ind1="0" ind2=" "><subfield code="a">Abdülhamid</subfield><subfield code="b">II,</subfield><subfield code="c">Sultan of the Turks,</subfield><subfield code="d">1842-1918,</subfield><subfield code="e">former owner.</subfield></datafield><datafield tag="700" ind1="0" ind2=" "><subfield code="6">880-06</subfield><subfield code="a">Hasan Edip,</subfield><subfield code="d">fl. 1839,</subfield><subfield code="e">former owner.</subfield></datafield><datafield tag="700" ind1="0" ind2=" "><subfield code="6">880-05</subfield><subfield code="a">Cafer Fevzi bin Mehmet Raşit,</subfield><subfield code="e">former owner.</subfield></datafield><datafield tag="740" ind1="0" ind2="2"><subfield code="a">Zafernâme</subfield></datafield><datafield tag="740" ind1="0" ind2="2"><subfield code="a">Dîvân-ı Münîf</subfield></datafield><datafield tag="773" ind1="0" ind2=" "><subfield code="a">Abdul Hamid Collection.</subfield></datafield><datafield tag="880" ind1="0" ind2=" "><subfield code="6">700-06/</subfield><subfield code="a">حسن اديب،</subfield><subfield code="e">مالك سابق.</subfield></datafield><datafield tag="880" ind1="0" ind2=" "><subfield code="6">700-05/</subfield><subfield code="a">جعفر فوزى بن محمد راشد،</subfield><subfield code="e">مالك سابق.</subfield></datafield><datafield tag="880" ind1="1" ind2="0"><subfield code="6">245-03/</subfield><subfield code="a">مجموعۀ منيف،</subfield><subfield code="f">[ح 1742م؟].</subfield></datafield><datafield tag="880" ind1="0" ind2=" "><subfield code="6">100-01/</subfield><subfield code="a">انطاكيالى منيف.</subfield></datafield><datafield tag="CID" ind1=" " ind2=" "><subfield code="a">006814937</subfield></datafield><datafield tag="DAT" ind1="0" ind2=" "><subfield code="a">20190719102638.0</subfield><subfield code="b">20190719000000.0</subfield></datafield><datafield tag="DAT" ind1="1" ind2=" "><subfield code="a">20190719090653.0</subfield><subfield code="b">2019-07-19T16:12:02Z</subfield></datafield><datafield tag="DAT" ind1="2" ind2=" "><subfield code="a">2015-10-02T18:00:03Z</subfield></datafield><datafield tag="CAT" ind1=" " ind2=" "><subfield code="a">SDR-MIU</subfield><subfield code="d">EX LIBRIS - ALEPH</subfield><subfield code="l">prepare.pl-004-008</subfield></datafield><datafield tag="FMT" ind1=" " ind2=" "><subfield code="a">BK</subfield></datafield><datafield tag="HOL" ind1=" " ind2=" "><subfield code="0">sdr-miu006814937</subfield><subfield code="a">MiU</subfield><subfield code="b">SDR</subfield><subfield code="c">MIU</subfield><subfield code="p">mdp.39015079129204</subfield><subfield code="s">MIU</subfield><subfield code="1">006814937</subfield></datafield><datafield tag="974" ind1=" " ind2=" "><subfield code="b">MIU</subfield><subfield code="c">MIU</subfield><subfield code="d">20190719</subfield><subfield code="s">lit-dlps-dc</subfield><subfield code="u">mdp.39015079129204</subfield><subfield code="y">1742</subfield><subfield code="r">pd</subfield><subfield code="q">bib</subfield><subfield code="t">non-US bib date1 &lt; 1879</subfield></datafield></record></collection>